% Encoding: UTF-8

@article{hall2014history,
  title={The history of space debris},
  author={Hall, Loretta},
  year={2014}
} %1

@article{khatib1986real,
  title={Real-time obstacle avoidance for manipulators and mobile robots},
  author={Khatib, Oussama},
  journal={The international journal of robotics research},
  volume={5},
  number={1},
  pages={90--98},
  year={1986},
  publisher={Sage Publications Sage CA: Thousand Oaks, CA}
} %2


@inproceedings{ames2019control,
  title={Control barrier functions: Theory and applications},
  author={Ames, Aaron D and Coogan, Samuel and Egerstedt, Magnus and Notomista, Gennaro and Sreenath, Koushil and Tabuada, Paulo},
  booktitle={2019 18th European control conference (ECC)},
  pages={3420--3431},
  year={2019},
  organization={Ieee}
} %3

@inproceedings{singletary2021comparative,
  title={Comparative analysis of control barrier functions and artificial potential fields for obstacle avoidance},
  author={Singletary, Andrew and Klingebiel, Karl and Bourne, Joseph and Browning, Andrew and Tokumaru, Phil and Ames, Aaron},
  booktitle={2021 IEEE/RSJ International Conference on Intelligent Robots and Systems (IROS)},
  pages={8129--8136},
  year={2021},
  organization={IEEE}
} %4



@article{ames2014rapidly,
  title={Rapidly exponentially stabilizing control lyapunov functions and hybrid zero dynamics},
  author={Ames, Aaron D and Galloway, Kevin and Sreenath, Koushil and Grizzle, Jessy W},
  journal={IEEE Transactions on Automatic Control},
  volume={59},
  number={4},
  pages={876--891},
  year={2014},
  publisher={IEEE}
} %5

@inproceedings{ames2014control,
  title={Control barrier function based quadratic programs with application to adaptive cruise control},
  author={Ames, Aaron D and Grizzle, Jessy W and Tabuada, Paulo},
  booktitle={53rd IEEE conference on decision and control},
  pages={6271--6278},
  year={2014},
  organization={IEEE}
}%6

@inproceedings{taylor2022safe,
  title={Safe backstepping with control barrier functions},
  author={Taylor, Andrew J and Ong, Pio and Molnar, Tamas G and Ames, Aaron D},
  booktitle={2022 IEEE 61st Conference on Decision and Control (CDC)},
  pages={5775--5782},
  year={2022},
  organization={IEEE}
} %7

@inproceedings{breeden2022predictive,
  title={Predictive control barrier functions for online safety critical control},
  author={Breeden, Joseph and Panagou, Dimitra},
  booktitle={2022 IEEE 61st Conference on Decision and Control (CDC)},
  pages={924--931},
  year={2022},
  organization={IEEE}
} %8

@article{breeden2021guaranteed,
  title={Guaranteed safe spacecraft docking with control barrier functions},
  author={Breeden, Joseph and Panagou, Dimitra},
  journal={IEEE Control Systems Letters},
  volume={6},
  pages={2000--2005},
  year={2021},
  publisher={IEEE}
} %9

@article{matias2025hybrid,
  title={Hybrid Lyapunov and Barrier Function-Based Control with Stabilization Guarantees},
  author={Matias, Hugo and Silvestre, Daniel},
  journal={arXiv preprint arXiv:2504.09760},
  year={2025}
} %10


@article{reis2020control,
  title={Control barrier function-based quadratic programs introduce undesirable asymptotically stable equilibria},
  author={Reis, Matheus F and Aguiar, A Pedro and Tabuada, Paulo},
  journal={IEEE Control Systems Letters},
  volume={5},
  number={2},
  pages={731--736},
  year={2020},
  publisher={IEEE}
} %11


@article{hao2025analysis,
  title={Analysis of gradient descent algorithms: Discrete to continuous domains and circuit equivalents},
  author={Hao, He and Silvestre, Daniel and Silvestre, Carlos},
  journal={Systems \& Control Letters},
  volume={203},
  pages={106146},
  year={2025},
  publisher={Elsevier}
} %12

@article{ruder2016overview,
  title={An overview of gradient descent optimization algorithms},
  author={Ruder, Sebastian},
  journal={arXiv preprint arXiv:1609.04747},
  year={2016}
} %13

@article{tian2023recent,
  title={Recent advances in stochastic gradient descent in deep learning},
  author={Tian, Yingjie and Zhang, Yuqi and Zhang, Haibin},
  journal={Mathematics},
  volume={11},
  number={3},
  pages={682},
  year={2023},
  publisher={MDPI}
} %14

@article{lin2019binary,
  title={Binary search algorithm},
  author={Lin, Anthony},
  journal={WikiJournal of Science},
  volume={2},
  number={1},
  pages={1--13},
  year={2019}
} %15

@article{molnar2023composing,
  title={Composing control barrier functions for complex safety specifications},
  author={Molnar, Tamas G and Ames, Aaron D},
  journal={IEEE Control Systems Letters},
  volume={7},
  pages={3615--3620},
  year={2023},
  publisher={IEEE}
} %16



@article{kimura2009dormand,
  title={On dormand-prince method},
  author={Kimura, Toshinori},
  journal={Jpn. Malaysia Tech. Instit},
  volume={40},
  pages={1--9},
  year={2009},
  publisher={Citeseer}
} %17

@book{curtis2019orbital,
  title={Orbital mechanics for engineering students},
  author={Curtis, Howard D},
  year={2019},
  publisher={Butterworth-Heinemann}
} %18

@article{luo2014survey,
  title={Survey of orbital dynamics and control of space rendezvous},
  author={Luo, Yazhong and Zhang, Jin and Tang, Guojin},
  journal={Chinese Journal of Aeronautics},
  volume={27},
  number={1},
  pages={1--11},
  year={2014},
  publisher={Elsevier}
} %19

@article{sullivan2017comprehensive,
  title={Comprehensive survey and assessment of spacecraft relative motion dynamics models},
  author={Sullivan, Joshua and Grimberg, Sebastian and D’Amico, Simone},
  journal={Journal of Guidance, Control, and Dynamics},
  volume={40},
  number={8},
  pages={1837--1859},
  year={2017},
  publisher={American Institute of Aeronautics and Astronautics}
} %20

@inproceedings{hartley2015tutorial,
  title={A tutorial on model predictive control for spacecraft rendezvous},
  author={Hartley, Edward N},
  booktitle={2015 European control conference (ECC)},
  pages={1355--1361},
  year={2015},
  organization={IEEE}
} %21

@inproceedings{kaczmarek2023autonomous,
  title={Autonomous multi-phase rendezvous, proximity operations, and docking via model predictive control},
  author={Kaczmarek, Jeremy J and Zagaris, Costantinos},
  booktitle={2023 IEEE Aerospace Conference},
  pages={1--10},
  year={2023},
  organization={IEEE}
} %22

@inproceedings{grandia2021multi,
  title={Multi-layered safety for legged robots via control barrier functions and model predictive control},
  author={Grandia, Ruben and Taylor, Andrew J and Ames, Aaron D and Hutter, Marco},
  booktitle={2021 IEEE International Conference on Robotics and Automation (ICRA)},
  pages={8352--8358},
  year={2021},
  organization={IEEE}
} %23



%Extra

@inproceedings{krogh1984generalized,
  title={A generalized potential field approach to obstacle avoidance control},
  author={Krogh, Bruce},
  booktitle={Proc. SME Conf. on Robotics Research: The Next Five Years and Beyond, Bethlehem, PA, 1984},
  pages={11--22},
  year={1984}
}

@article{sontag1983lyapunov,
  title={A Lyapunov-like characterization of asymptotic controllability},
  author={Sontag, Eduardo D},
  journal={SIAM journal on control and optimization},
  volume={21},
  number={3},
  pages={462--471},
  year={1983},
  publisher={SIAM}
}

@book{sepulchre2012constructive,
  title={Constructive nonlinear control},
  author={Sepulchre, Rodolphe and Jankovic, Mrdjan and Kokotovic, Petar V},
  year={2012},
  publisher={Springer Science \& Business Media}
}


@article{braun2020comment,
  title={Comment on “stabilization with guaranteed safety using control Lyapunov--barrier function”},
  author={Braun, Philipp and Kellett, Christopher M},
  journal={Automatica},
  volume={122},
  pages={109225},
  year={2020},
  publisher={Elsevier}
}


@article{cortez2022compatibility,
  title={On compatibility and region of attraction for safe, stabilizing control laws},
  author={Cortez, Wenceslao Shaw and Dimarogonas, Dimos V},
  journal={IEEE Transactions on Automatic Control},
  volume={67},
  number={9},
  pages={4924--4931},
  year={2022},
  publisher={IEEE}
}


@article{xu2015robustness,
  title={Robustness of control barrier functions for safety critical control},
  author={Xu, Xiangru and Tabuada, Paulo and Grizzle, Jessy W and Ames, Aaron D},
  journal={IFAC-PapersOnLine},
  volume={48},
  number={27},
  pages={54--61},
  year={2015},
  publisher={Elsevier}
}





%Do prof do template

@InProceedings{ Artho04,
	author       = "Cyrille Artho and Klaus Havelund and Armin Biere",
	title        = "Using Block-Local Atomicity to Detect Stale-Value Concurrency Errors",
	booktitle    = "ATVA",
	year         = "2004",
	pages        = "150--164",
	crossref     = "DBLP:conf/atva/2004",
	bibsource    = "DBLP, http://dblp.uni-trier.de",
	ee           = "http://springerlink.metapress.com/openurl.asp?genre=article{\&}issn=0302-9743{\&}volume=3299{\&}spage=150",
}

@online{ Parkins2017,
	author       = "Parkins, David",
	booktitle    = "Economist (United Kingdom)",
	issn         = "00130613",
	mendeley     = "I4.0/BigData",
	number       = "9035",
	title        = "{Regulating the internet giants: The world's most valuable resource is no longer oil, but data}",
	url          = "https://www.economist.com/leaders/2017/05/06/the-worlds-most-valuable-resource-is-no-longer-oil-but-data?fbclid=IwAR1EaO3g6OJoDuhrHBNyqQJAqR2NyhvcZ07uexTWa3Hujq0azNMVHKhQido",
	urldate      = "2020-01-21",
	volume       = "413",
	year         = "2017",
}

@Misc{ Artho03,
	author       = "C. Artho and K. Havelund and A. Biere",
	title        = "High-Level Data Races",
	text         = "C. Artho, K. Havelund, and A. Biere. High-Level Data Races. In VVEIS'03, The First International Workshop on Verification and Validation of Enterprise Information Systems, April 2003. Angers, France.",
	year         = "2003",
	url          = "citeseer.ist.psu.edu/artho03highlevel.html",
}

@Article{ Beckman08,
	title        = "Verifying Correct Usage of Atomic Blocks and Typestate",
	author       = "Nels E. Beckman and Kevin Bierhoff and Jonathan Aldrich",
	publisher    = "ACM",
	address      = "New York, NY, USA",
	journal      = "SIGPLAN Not.",
	pages        = "227--244",
	volume       = "43",
	number       = "10",
	year         = "2008",
	issn         = "0362-1340",
	doi          = "http://doi.acm.org/10.1145/1449955.1449783",
}

@InProceedings{ Flanagan04,
	author       = "Cormac Flanagan and Stephen N Freund",
	title        = "Atomizer: a dynamic atomicity checker for multithreaded programs",
	booktitle    = "POPL '04: Proceedings of the 31st ACM SIGPLAN-SIGACT symposium on Principles of programming languages",
	year         = "2004",
	isbn         = "1-58113-729-X",
	pages        = "256--267",
	location     = "Venice, Italy",
	doi          = "http://doi.acm.org/10.1145/964001.964023",
	publisher    = "ACM",
	address      = "New York, NY, USA",
}

@Misc{ IBM-Rep,
	title        = "{IBM's Concurrency Testing Repository}",
}

@InProceedings{ Praun03,
	author       = "Christoph {von Praun} and Thomas R. Gross",
	title        = "Static Detection of Atomicity Violations in Object-Oriented Programs",
	booktitle    = "Journal of Object Technology",
	year         = "2003",
	pages        = "2004",
}

@InProceedings{ Shavit95,
	author       = "Nir Shavit and Dan Touitou",
	title        = "Software transactional memory",
	booktitle    = "PODC '95: Proceedings of the fourteenth annual ACM symposium on Principles of distributed computing",
	year         = "1995",
	isbn         = "0-89791-710-3",
	pages        = "204--213",
	location     = "Ottowa, Ontario, Canada",
	doi          = "http://doi.acm.org/10.1145/224964.224987",
	publisher    = "ACM",
	address      = "New York, NY, USA",
}

@Book{ Silberschatz06,
	author       = "Abraham Silberschatz and Henry F. Korth and S. Sudarshan",
	title        = "Database System Concepts",
	publisher    = "McGraw-Hill",
	year         = "2006",
	edition      = "Fifth",
	isbn         = "007-124476-X",
}

@Book{ Moss85,
	author       = "J. Eliot and B. Moss",
	title        = "Nested transactions: an approach to reliable distributed computing",
	year         = "1985",
	isbn         = "0-262-13200-1",
	publisher    = "Massachusetts Institute of Technology",
	address      = "Cambridge, MA, USA",
}

@Proceedings{ DBLP:conf/atva/2004,
	editor       = "Farn Wang",
	title        = "Automated Technology for Verification and Analysis: Second International Conference, ATVA 2004, Taipei, Taiwan, ROC, October 31-November 3, 2004. Proceedings",
	booktitle    = "ATVA",
	publisher    = "Springer",
	series       = "Lecture Notes in Computer Science",
	volume       = "3299",
	year         = "2004",
	isbn         = "3-540-23610-4",
	bibsource    = "DBLP, http://dblp.uni-trier.de",
}

@InProceedings{ecoop12-dias,
	author       = "Dias, Ricardo J. and Distefano, Dino and Seco, J. C. and Lourenço, João M.",
	booktitle    = "Proceedings of the 26th European conference on Object-oriented programming ({ECOOP}'12)",
	title        = "Verification of Snapshot Isolation in Transactional Memory Java Programs",
	year         = "2012",
	month        = jun,
	publisher    = "Springer-Verlag",
}

@online{wiki:shuntingyard,
    author = "Wikipedia contributors",
    title = "Shunting-yard algorithm --- Wikipedia{,} The Free Encyclopedia",
    year = "2017",
    month = "3",
    url = "https://en.wikipedia.org/w/index.php?title=Shunting-yard_algorithm&oldid=817901155",
    urldate = {2018-03-01},
    keywords  = "Dijkstra,prefix"
}

@online{bison,
    url = {https://www.gnu.org/software/bison/},
    urldate = {2020-07-26},
    keywords = {parser,generator},
    title = {Gnu Bison},
}

@online{flex,
    url = {https://github.com/westes/flex},
    urldate = {2020-07-26},
    keywords = {lexical,analyser},
    title = {Fast Lexical Analyser},
}
